% This file was created with JabRef 2.9.2.
% Encoding: UTF8

@MISC{Geovani1,
	author = {Scolaro, Geovani Rodrigo},
	title = {Introdução a Instrumentação},
	year = {2017},
	bdsk-url-1 ={ https://acad.unoesc.edu.br/academico/portal/modules/ead/material.jspa?dof=139120},
url = {https://acad.unoesc.edu.br/academico/portal/modules/ead/material.jspa?dof=139120},
urlaccessdate = {25.10.2017}
}

@MISC{Geovani2,
	author = {Scolaro, Geovani Rodrigo},
	title = {Amplificadores Operacionais e de Instrumentação
	},
	year = {2017},
	bdsk-url-1 ={ https://acad.unoesc.edu.br/academico/portal/modules/ead/material.jspa?dof=139120},
	url = {https://acad.unoesc.edu.br/academico/portal/modules/ead/material.jspa?dof=139120},
	urlaccessdate = {25.10.2017}
}

@MISC{Geovani3,
	author = {Scolaro, Geovani Rodrigo},
	title = {Filtros Passivos e 
	Filtros Ativos},
	year = {2017},
	bdsk-url-1 ={ https://acad.unoesc.edu.br/academico/portal/modules/ead/material.jspa?dof=139120},
	url = {https://acad.unoesc.edu.br/academico/portal/modules/ead/material.jspa?dof=139120},
	urlaccessdate = {25.10.2017}
}